<record><leader>00000cas a2200000 a 4500</leader><controlfield tag="001">49215479</controlfield><controlfield tag="008">020228d194019uucauwr ne      0    0eng c</controlfield><datafield ind1=" " ind2=" " tag="010"><subfield code="a">sn2001060591</subfield></datafield><datafield ind1=" " ind2=" " tag="040"><subfield code="a">CNK</subfield><subfield code="b">eng</subfield><subfield code="c">CNK</subfield><subfield code="d">CNK</subfield><subfield code="d">OCLCQ</subfield><subfield code="d">OCLCF</subfield><subfield code="d">OCLCO</subfield></datafield><datafield ind1="1" ind2=" " tag="029"><subfield code="a">AU@</subfield><subfield code="b">000023396755</subfield></datafield><datafield ind1=" " ind2=" " tag="042"><subfield code="a">pcc</subfield></datafield><datafield ind1=" " ind2=" " tag="043"><subfield code="a">n-us-ca</subfield></datafield><datafield ind1="0" ind2="0" tag="245"><subfield code="a">Port Hueneme harbor bulletin.</subfield></datafield><datafield ind1="1" ind2="3" tag="246"><subfield code="a">Harbor bulletin</subfield><subfield code="f">Mar. 14, 1940-Aug. 8, 1941</subfield></datafield><datafield ind1=" " ind2=" " tag="260"><subfield code="a">Hueneme, Calif. :</subfield><subfield code="b">Chas. Gerold</subfield></datafield><datafield ind1=" " ind2=" " tag="300"><subfield code="a">v.</subfield></datafield><datafield ind1=" " ind2=" " tag="310"><subfield code="a">Weekly</subfield></datafield><datafield ind1="0" ind2=" " tag="362"><subfield code="a">Vol. 2, no. 42 (Mar. 14, 1940)-</subfield></datafield><datafield ind1=" " ind2=" " tag="500"><subfield code="a">Issues for May 9-30, 1940 are mimeographed.</subfield></datafield><datafield ind1=" " ind2=" " tag="530"><subfield code="a">Master negatives are available for duplication from:</subfield><subfield code="b">California Newspaper Microfilm Archive;</subfield><subfield code="c">for further information consult the CNMA at:</subfield><subfield code="u">http://cbsr.ucr.edu</subfield></datafield><datafield ind1=" " ind2="0" tag="651"><subfield code="a">Port Hueneme (Calif.)</subfield><subfield code="v">Newspapers.</subfield></datafield><datafield ind1=" " ind2="7" tag="655"><subfield code="a">Newspapers.</subfield><subfield code="2">fast</subfield><subfield code="0">(OCoLC)fst01423814</subfield></datafield><datafield ind1=" " ind2="7" tag="651"><subfield code="a">California</subfield><subfield code="z">Port Hueneme.</subfield><subfield code="2">fast</subfield><subfield code="0">(OCoLC)fst01213858</subfield></datafield><datafield ind1=" " ind2=" " tag="752"><subfield code="a">United States</subfield><subfield code="b">California</subfield><subfield code="c">Ventura</subfield><subfield code="d">Port Hueneme.</subfield></datafield><datafield ind1="0" ind2="0" tag="780"><subfield code="t">Harbor bulletin</subfield><subfield code="w">(DLC)sn2001060590</subfield></datafield></record>